<record><leader>00000cas a22000007a 4500</leader><controlfield tag="001">12441865</controlfield><controlfield tag="008">850830d183618uualuwr ne      0    0eng d</controlfield><datafield ind1=" " ind2=" " tag="010"><subfield code="a">sn 85044894 </subfield></datafield><datafield ind1=" " ind2=" " tag="040"><subfield code="a">CPN</subfield><subfield code="b">eng</subfield><subfield code="c">CPN</subfield><subfield code="d">OCLCQ</subfield></datafield><datafield ind1=" " ind2=" " tag="042"><subfield code="a">msc</subfield></datafield><datafield ind1="0" ind2="4" tag="245"><subfield code="a">The Clarke county post.</subfield></datafield><datafield ind1=" " ind2=" " tag="260"><subfield code="a">Suggsville, Ala. :</subfield><subfield code="b">Benjamin M. McCary</subfield></datafield><datafield ind1=" " ind2=" " tag="300"><subfield code="a">v. ;</subfield><subfield code="c">46 cm.</subfield></datafield><datafield ind1=" " ind2=" " tag="310"><subfield code="a">Weekly</subfield></datafield><datafield ind1="1" ind2=" " tag="362"><subfield code="a">Began in 1836.</subfield></datafield><datafield ind1=" " ind2=" " tag="588"><subfield code="a">Description based on: Vol. 1, no. 3 (May 9, 1836).</subfield></datafield><datafield ind1=" " ind2=" " tag="752"><subfield code="a">United States</subfield><subfield code="b">Alabama</subfield><subfield code="c">Clarke</subfield><subfield code="d">Suggsville.</subfield></datafield><datafield ind1="0" ind2="0" tag="785"><subfield code="t">Macon banner</subfield><subfield code="w">(DLC)sn 85044625</subfield></datafield></record>